<record><leader>00000cas a22000007a 4500</leader><controlfield tag="001">14879128</controlfield><controlfield tag="008">861126d187819uupauwr ne      0    0eng d</controlfield><datafield ind1=" " ind2=" " tag="010"><subfield code="a">sn 86082050 </subfield></datafield><datafield ind1=" " ind2=" " tag="040"><subfield code="a">NPH</subfield><subfield code="b">eng</subfield><subfield code="c">NPH</subfield><subfield code="d">OCLCQ</subfield></datafield><datafield ind1=" " ind2=" " tag="042"><subfield code="a">msc</subfield></datafield><datafield ind1="0" ind2="4" tag="245"><subfield code="a">The Meyersdale commercial.</subfield></datafield><datafield ind1="1" ind2="3" tag="246"><subfield code="a">Commercial</subfield><subfield code="f">Sept. 21, 1893-June 7, 1894</subfield></datafield><datafield ind1=" " ind2=" " tag="260"><subfield code="a">Meyersdale, Pa. :</subfield><subfield code="b">[s.n.]</subfield></datafield><datafield ind1=" " ind2=" " tag="300"><subfield code="a">v. :</subfield><subfield code="b">ill. ;</subfield><subfield code="c">62-74 cm.</subfield></datafield><datafield ind1=" " ind2=" " tag="310"><subfield code="a">Weekly</subfield></datafield><datafield ind1="1" ind2=" " tag="362"><subfield code="a">Began with Mar. 15, 1878 issue.</subfield><subfield code="z">Cf. Waterman, Watkins &amp; Co. Hist. of Bedford, Somerset &amp; Fulton Counties, Pa.</subfield></datafield><datafield ind1=" " ind2=" " tag="500"><subfield code="a">Publisher: Lou A. Smith, &lt;1888&gt;.</subfield></datafield><datafield ind1=" " ind2=" " tag="500"><subfield code="a">Published every Friday morning.</subfield></datafield><datafield ind1=" " ind2=" " tag="515"><subfield code="a">Suspended 1917-1928?</subfield></datafield><datafield ind1=" " ind2=" " tag="525"><subfield code="a">Supplements accompany some issues.</subfield></datafield><datafield ind1=" " ind2=" " tag="588"><subfield code="a">Description based on: Vol. 2, no. 73 (Aug. 1, 1879).</subfield></datafield><datafield ind1=" " ind2=" " tag="752"><subfield code="a">United States</subfield><subfield code="b">Pennsylvania</subfield><subfield code="c">Somerset</subfield><subfield code="d">Meyersdale.</subfield></datafield></record>